<?xml version="1.0" encoding="UTF-8"?><collection xmlns="http://www.loc.gov/MARC21/slim"><record><leader>00520nam--2200205-u-4500</leader><controlfield tag="001">000050628</controlfield><controlfield tag="002">20161230</controlfield><controlfield tag="005">20161230201048</controlfield><controlfield tag="008">080225s1000------------r-----000-0-eng-d</controlfield><datafield ind1=" " ind2=" " tag="020"><subfield code="a">0136855121</subfield></datafield><datafield ind1=" " ind2=" " tag="040"><subfield code="a">IFIN-HH</subfield></datafield><datafield ind1=" " ind2=" " tag="080"><subfield code="a">(544.18:530.145):517.9</subfield></datafield><datafield ind1="1" ind2=" " tag="100"><subfield code="a">Levine, Ira N</subfield></datafield><datafield ind1="1" ind2="0" tag="245"><subfield code="a">Quantum Chemistry</subfield><subfield code="c">Ira n. levine</subfield></datafield><datafield ind1=" " ind2=" " tag="250"><subfield code="a">Fifth Edition</subfield></datafield><datafield ind1=" " ind2=" " tag="260"><subfield code="a">New Jersey</subfield><subfield code="b">Prentice Hall</subfield><subfield code="c">2000</subfield></datafield><datafield ind1=" " ind2=" " tag="300"><subfield code="a">739 p</subfield></datafield><datafield ind1=" " ind2="4" tag="650"><subfield code="a">Quantum Chemistry</subfield></datafield><datafield ind1=" " ind2=" " tag="852"><subfield code="a">81950</subfield><subfield code="c">541.10</subfield></datafield><datafield ind1=" " ind2=" " tag="CAT"><subfield code="a">Sys</subfield><subfield code="c">20110405</subfield><subfield code="h">154349</subfield></datafield></record></collection>